@article{A1,
	title={Scientists Resurrect Ancient Rubiscos to Understand Their Evolution},
	author={Alejandra Manjarrez, PhD},
	year={2022},
	publisher={TheScientist}
}


@article{A2,
	title={Scientists Use Photosynthesis to Power an Animal’s Brain},
	author={Abby Olena, PhD},
	journal={Journal of Computers in Mathematics and Science Teaching},
	year={2021},
	publisher={TheScientist}
}


@book{B1,
	title={Molecular Mechanisms of Photosynthesis},
	author={ Robert E Blankenship},
	year={2021},
	publisher={Wiley}
}

@techreport{R1,
	title={CLU Reference Manual.},
	author={Liskov, Barbara and Atkinson, Russ and Bloom, Toby and Moss, Eliot and Schaffert, Craig},
	year={1979},
	institution={MASSACHUSETTS INST OF TECH CAMBRIDGE LAB FOR COMPUTER SCIENCE}
}

@conference{C5,
	title = {Fourth Ministerial Conference on Environment and Health },
	year = {20},
	month = {June},
	note = {The Fourth Ministerial Conference on Environment and Health was the latest milestone in a series of conferences held in 1989 in Frankfurt on policy formulation, in 1994 in Helsinki on planning and in 1999 in London on action in partnership. The theme of this conference was “the future for our children”}
}

@manual{M1,
	title         = "The Defense Acquisition System",
	howpublished  = "DOD Directive 5000.1",
	organization  = "Under Secretary of Defense (AT\&L)",
	address       = "Washington, DC, USA",
	year          = "2003 [Online].",
	url           = "http://www.esd.whs.mil/Portals/54/Documents/
	DD/issuances/dodm/857001m.pdf"
}

@unpublished{Un1,
	author={Jerry Yulsman},
	title={Gotham},
	note={gotham}

}